<record><leader>00000cas a22000007a 4500</leader><controlfield tag="001">13048558</controlfield><controlfield tag="008">860122d19501950paudr ne      0    0eng d</controlfield><controlfield tag="009">5601</controlfield><datafield ind1=" " ind2=" " tag="010"><subfield code="a">sn 86081028 </subfield></datafield><datafield ind1=" " ind2=" " tag="040"><subfield code="a">NPH</subfield><subfield code="b">eng</subfield><subfield code="c">NPH</subfield><subfield code="d">DLC</subfield><subfield code="d">OCLCQ</subfield></datafield><datafield ind1="1" ind2=" " tag="029"><subfield code="a">AU@</subfield><subfield code="b">000025812268</subfield></datafield><datafield ind1=" " ind2=" " tag="042"><subfield code="a">msc</subfield></datafield><datafield ind1="0" ind2="0" tag="050"><subfield code="a">Newspaper 9600</subfield></datafield><datafield ind1="0" ind2="4" tag="245"><subfield code="a">The Pittsburgh daily reporter.</subfield></datafield><datafield ind1="1" ind2="0" tag="246"><subfield code="a">Daily reporter</subfield></datafield><datafield ind1=" " ind2=" " tag="260"><subfield code="a">Pittsburgh, Pa. :</subfield><subfield code="b">Newspaper Unions Pub. Co., Inc.,</subfield><subfield code="c">1950.</subfield></datafield><datafield ind1=" " ind2=" " tag="300"><subfield code="a">1 v. :</subfield><subfield code="b">ill. ;</subfield><subfield code="c">60 cm.</subfield></datafield><datafield ind1=" " ind2=" " tag="310"><subfield code="a">Daily</subfield></datafield><datafield ind1="0" ind2=" " tag="362"><subfield code="a">Vol. 1, no. 1 (Oct. 15, 1950)-v. 1, no. 34 (Nov. 17, 1950).</subfield></datafield><datafield ind1=" " ind2=" " tag="500"><subfield code="a">"The Daily reporter is destined, we hope, for a limited life. It will go out of existence just as soon as the regular daily papers resume publishing. The Daily reporter staff is composed of the nearly three thousand newspaper workers who were locked out by the publishers of the Press, Sun-telegraph and Post-gazette, as a result of a controversy with one of the unions."</subfield></datafield><datafield ind1=" " ind2=" " tag="752"><subfield code="a">United States</subfield><subfield code="b">Pennsylvania</subfield><subfield code="c">Allegheny</subfield><subfield code="d">Pittsburgh.</subfield></datafield></record>